<?xml version="1.0" encoding="UTF-8"?><collection xmlns="http://www.loc.gov/MARC21/slim"><record><leader>00543nam--2200193-i-4500</leader><controlfield tag="001">000037037</controlfield><controlfield tag="002">20161230</controlfield><controlfield tag="005">20170204201623</controlfield><controlfield tag="008">060222s1000------------r-----000-0-rum-d</controlfield><datafield ind1=" " ind2=" " tag="040"><subfield code="a">IFIN-HH</subfield></datafield><datafield ind1=" " ind2=" " tag="041"><subfield code="a">rum</subfield></datafield><datafield ind1=" " ind2=" " tag="080"><subfield code="a">53</subfield></datafield><datafield ind1="1" ind2=" " tag="100"><subfield code="a">Popescu, Iovitiu</subfield></datafield><datafield ind1="1" ind2="0" tag="245"><subfield code="a">Probleme actuale de fizica. Vol. I</subfield><subfield code="c">Iovitiu Popescu, Ion Agarbiceanu, Aurel Sandulescu, Radu Titeica</subfield></datafield><datafield ind1=" " ind2=" " tag="260"><subfield code="a">Bucuresti</subfield><subfield code="b">Editura Didactica Si Pedagogica</subfield><subfield code="c">1969</subfield></datafield><datafield ind1=" " ind2=" " tag="300"><subfield code="a">247 p</subfield></datafield><datafield ind1="1" ind2=" " tag="700"><subfield code="a">Titeica, Radu</subfield></datafield><datafield ind1=" " ind2=" " tag="852"><subfield code="a">30604</subfield><subfield code="c">53</subfield></datafield><datafield ind1=" " ind2=" " tag="CAT"><subfield code="a">SYS</subfield><subfield code="c">20170204</subfield><subfield code="h">201623</subfield></datafield></record></collection>